This file was created with JabRef 2.2.
Encoding: Cp1252

@ARTICLE{Boysen2018,
  author = {Angie Boysen},
  title = {Pumped Storage Hydroelectricity},
  journal = {Stanford University},
  year = {2018},
  owner = {Fran},
  timestamp = {2019.10.22},
  url = {http://large.stanford.edu/courses/2010/ph240/boysen2/}
}

@ARTICLE{Lewis2017,
  author = {Lewis},
  title = {Pumped Storage hydro plants},
  journal = {Duke Energy},
  year = {2017},
  owner = {Fran},
  timestamp = {2019.10.22},
  url = {https://www.duke-energy.com/energy-education/how-energy-works/pumped-storage-hydro-plants}
}

@ARTICLE{Roca2017,
  author = {Jose Antonio Roca},
  title = {Las 10 mayores centrales hidroeléctricas de bombeo del mundo},
  journal = {el periodico de la energía},
  year = {2017},
  owner = {Fran},
  timestamp = {2019.10.22},
  url = {https://elperiodicodelaenergia.com/las-10-mayores-centrales-hidroelectricas-de-bombeo-del-mundo/}
}

@ARTICLE{Wilson2018,
  author = {Wilson},
  title = {Pumped Hydropower},
  journal = {Energy Storage Association},
  year = {2018},
  owner = {Fran},
  timestamp = {2019.10.22},
  url = {https://energystorage.org/why-energy-storage/technologies/pumped-hydropower/}
}

@comment{jabref-meta: selector_keywords:}

@comment{jabref-meta: selector_journal:}

@comment{jabref-meta: selector_publisher:}

@comment{jabref-meta: selector_author:}

